<?xml version="1.0" encoding="UTF-8"?><collection xmlns="http://www.loc.gov/MARC21/slim"><record><leader>00508nam--2200193-u-4500</leader><controlfield tag="001">000054468</controlfield><controlfield tag="002">20161230</controlfield><controlfield tag="005">20161230201051</controlfield><controlfield tag="008">120109s1000------------r-----000-0-rus-d</controlfield><datafield ind1=" " ind2=" " tag="040"><subfield code="a">IFIN-HH</subfield></datafield><datafield ind1=" " ind2=" " tag="041"><subfield code="a">rus</subfield></datafield><datafield ind1=" " ind2=" " tag="080"><subfield code="a">539.1.01:539.126.6</subfield></datafield><datafield ind1="1" ind2=" " tag="100"><subfield code="a">Ogava, S</subfield></datafield><datafield ind1="1" ind2="0" tag="245"><subfield code="a">Sostavnie modeli elementarnih ceastit: per. s iaponsk</subfield><subfield code="c">S. ogava, s. savala, m. nakagava</subfield></datafield><datafield ind1=" " ind2=" " tag="260"><subfield code="a">Moskva</subfield><subfield code="b">Mir</subfield><subfield code="c">1983</subfield></datafield><datafield ind1=" " ind2=" " tag="300"><subfield code="a">296P</subfield></datafield><datafield ind1="1" ind2=" " tag="700"><subfield code="a">Nakagava, M</subfield></datafield><datafield ind1=" " ind2=" " tag="852"><subfield code="a">71309</subfield><subfield code="c">539.12</subfield></datafield><datafield ind1=" " ind2=" " tag="CAT"><subfield code="a">Sys</subfield><subfield code="c">20120109</subfield><subfield code="h">154500</subfield></datafield></record></collection>